<record xmlns="http://www.loc.gov/MARC21/slim" xmlns:xsi="http://www.w3.org/2001/XMLSchema-instance" xsi:schemaLocation="http://www.loc.gov/MARC21/slim http://www.loc.gov/standards/marcxml/schema/MARC21slim.xsd"><leader>02304nam a2200397   4500</leader><controlfield tag="001">6169857</controlfield><controlfield tag="003">NIC</controlfield><controlfield tag="006">m        d        </controlfield><controlfield tag="007">cr cn |||m|||a</controlfield><controlfield tag="008">150116s1933    ua h    o     000 0 arar </controlfield><datafield ind1=" " ind2=" " tag="040"><subfield code="a">NNU</subfield><subfield code="b">eng</subfield><subfield code="e">rda</subfield><subfield code="c">NNU</subfield></datafield><datafield ind1="0" ind2="0" tag="050"><subfield code="a">PJ6617.B8</subfield><subfield code="b">M89</subfield></datafield><datafield ind1="0" ind2="4" tag="050"><subfield code="a">PT6617.B8</subfield><subfield code="b">M89</subfield></datafield><datafield ind1="1" ind2=" " tag="100"><subfield code="6">880-01</subfield><subfield code="a">Ya&#772;ziji&#772;, Ibra&#772;hi&#772;m,</subfield><subfield code="d">1847-1906.</subfield></datafield><datafield ind1="1" ind2="0" tag="245"><subfield code="6">880-02</subfield><subfield code="a">Tanbi&#772;ha&#772;t al-Ya&#772;ziji&#772; &#699;ala&#769; Muh&#803;i&#772;t&#803; al-Busta&#772;ni&#772;,</subfield><subfield code="c">Jama&#699;aha&#772; wa-h&#803;alla rumu&#772;zaha&#772; Sali&#772;m Sham&#699;u&#772;n wa-Jibra&#772;n al-Nah&#803;ad.</subfield><subfield code="p">Ba&#772;b al-hamzah.</subfield></datafield><datafield ind1=" " ind2=" " tag="260"><subfield code="6">880-03</subfield><subfield code="a">al-Iskandari&#772;yah :</subfield><subfield code="b">Mat&#803;ba&#699;at S&#803;ala&#772;h&#803; al-Di&#772;n,</subfield><subfield code="c">[1933]</subfield></datafield><datafield ind1=" " ind2=" " tag="300"><subfield code="a">online resource (100 pages) :</subfield><subfield code="b">facsimiles</subfield></datafield><datafield ind1=" " ind2=" " tag="336"><subfield code="a">text</subfield><subfield code="2">rdacontent</subfield></datafield><datafield ind1=" " ind2=" " tag="337"><subfield code="a">computer</subfield><subfield code="2">rdamedia</subfield></datafield><datafield ind1=" " ind2=" " tag="338"><subfield code="a">online resource</subfield><subfield code="2">rdacarrier</subfield></datafield><datafield ind1=" " ind2=" " tag="500"><subfield code="a">Cover title: Tanbihat-ul Yazigy &#700;ala Muhit-il-Bustany, recueillis &amp; commente&#769;s par S. Shamoun &amp; G.J. Nahas.</subfield></datafield><datafield ind1=" " ind2=" " tag="500"><subfield code="a">No more published?</subfield></datafield><datafield ind1=" " ind2=" " tag="500"><subfield code="a">Part of the Arabic Collections Online (ACO) project, contributed by Cornell University Libraries.</subfield></datafield><datafield ind1=" " ind2=" " tag="533"><subfield code="a">Electronic reproduction.</subfield><subfield code="b">New York, N.Y. :</subfield><subfield code="c">New York University,</subfield><subfield code="d">2015.</subfield><subfield code="5">NNU</subfield></datafield><datafield ind1="1" ind2="0" tag="600"><subfield code="6">880-04</subfield><subfield code="a">Busta&#772;ni&#772;, But&#803;rus,</subfield><subfield code="d">1819-1883.</subfield><subfield code="t">Muh&#803;i&#772;t al-muh&#803;i&#772;t.</subfield></datafield><datafield ind1="2" ind2=" " tag="710"><subfield code="a">Cornell University.</subfield><subfield code="b">Libraries.</subfield></datafield><datafield ind1="0" ind2=" " tag="730"><subfield code="a">Arabic Collections Online.</subfield></datafield><datafield ind1="0" ind2="8" tag="776"><subfield code="i">Online version:</subfield><subfield code="a">Ya&#772;ziji&#772;, Ibra&#772;hi&#772;m, 1847-1906.</subfield><subfield code="t">Tanbi&#772;ha&#772;t al-Ya&#772;ziji&#772; &#699;ala&#769; Muh&#803;i&#772;t&#803; al-Busta&#772;ni&#772;, Ba&#772;b al-hamzah.</subfield><subfield code="d">al-Iskandari&#772;yah, Mat&#803;ba&#699;at S&#803;ala&#772;h&#803; al-Di&#772;n, [1933]</subfield><subfield code="w">(OCoLC)569862744</subfield></datafield><datafield ind1="0" ind2="8" tag="776"><subfield code="i">Print version:</subfield><subfield code="a">Ya&#772;ziji&#772;, Ibra&#772;hi&#772;m, 1847-1906.</subfield><subfield code="t">Tanbi&#772;ha&#772;t al-Ya&#772;ziji&#772; &#699;ala&#769; Muh&#803;i&#772;t&#803; al-Busta&#772;ni&#772;</subfield><subfield code="w">(NIC)6169857</subfield><subfield code="w">(DLC)   59036702 </subfield><subfield code="w">(OCoLC)21552380</subfield></datafield><datafield ind1="4" ind2="0" tag="856"><subfield code="u">http://hdl.handle.net/2333.1/vhhmgszv</subfield></datafield><datafield ind1="1" ind2=" " tag="880"><subfield code="6">100-01/r</subfield><subfield code="a">&#1610;&#1575;&#1586;&#1580;&#1609;&#1548; &#1575;&#1576;&#1585;&#1575;&#1607;&#1610;&#1605;&#1548;</subfield><subfield code="d">1906-1847.</subfield></datafield><datafield ind1="1" ind2="0" tag="880"><subfield code="6">245-02/r</subfield><subfield code="a">&#1578;&#1606;&#1576;&#1610;&#1607;&#1575;&#1578; &#1575;&#1604;&#1610;&#1575;&#1586;&#1580;&#1609; &#1593;&#1604;&#1609; &#1605;&#1581;&#1610;&#1591; &#1575;&#1604;&#1576;&#1587;&#1578;&#1575;&#1606;&#1609; /</subfield><subfield code="c">&#1580;&#1605;&#1593;&#1607;&#1575; &#1608;&#1581;&#1604; &#1585;&#1605;&#1608;&#1586;&#1607;&#1575; &#1587;&#1604;&#1610;&#1605; &#1588;&#1605;&#1593;&#1608;&#1606; &#1608;&#1580;&#1576;&#1585;&#1575;&#1606; &#1575;&#1604;&#1606;&#1581;&#1575;&#1587;.</subfield></datafield><datafield ind1=" " ind2=" " tag="880"><subfield code="6">260-03/r</subfield><subfield code="a">&#1575;&#1604;&#1575;&#1587;&#1603;&#1606;&#1583;&#1585;&#1610;&#1577; :</subfield><subfield code="b">&#1605;&#1591;&#1576;&#1593;&#1577; &#1589;&#1604;&#1575;&#1581; &#1575;&#1604;&#1583;&#1610;&#1606;&#1548;</subfield><subfield code="c">[1933]</subfield></datafield><datafield ind1="1" ind2="4" tag="880"><subfield code="6">600-04/r</subfield><subfield code="a">&#1576;&#1587;&#1578;&#1575;&#1606;&#1609;&#1548; &#1576;&#1591;&#1585;&#1587;&#1548;,</subfield><subfield code="d">1883-1819.</subfield><subfield code="t">&#1605;&#1581;&#1610;&#1591; &#1575;&#1604;&#1605;&#1581;&#1610;&#1591;.</subfield></datafield><datafield ind1=" " ind2=" " tag="959"><subfield code="a">NNU</subfield><subfield code="b">WEB</subfield><subfield code="c">GENI</subfield><subfield code="t">0</subfield><subfield code="m">Electronic access</subfield><subfield code="s">01</subfield></datafield><datafield ind1=" " ind2=" " tag="999"><subfield code="i">NIC_6169857</subfield><subfield code="o">(OCoLC)ocm21552380</subfield></datafield></record>